2734 4542
250 231 342 330 ·64n
573 217 952 336 uuuuuuo'
1089 245 1095 256 ·

273 447 379 526 quum
394 419 548 495 omnibus
564 417 685 496 casibus
697 417 777 496 belli
794 416 974 508 intersunt,
985 437 1065 518 ¹tum
1082 409 1208 526 praeci·

14 605 15 610 ,
264 545 336 630 'put
349 531 415 613 eis,
436 521 552 627 quibus'
564 524 650 599 nihil
663 530 789 599 ratione
803 518 913 626 potuit
926 522 1153 626 administrari.

122 649 281 728 mm*
349 633 476 729 Magno
509 647 603 732 atque
632 633 698 702 acri
723 627 854 729 proelio
886 636 1077 706 comminus
1105 625 1206 720 sado,

74 739 80 748 ’
274 727 387 806 dextro
403 757 526 820 cornu,
549 757 616 833 quo
632 717 781 805 veterana
801 728 893 833 legio
912 729 997 810 sexta
1017 723 1206 808 erat'collb·

273 855 361 922 cata,
384 841 518 911 initium
543 837 700 912 victoriae
721 855 835 910 natum
856 833 910 911 eli.
954 838 1029 912 *ub
1055 865 1091 910 ea
1116 856 1207 938 parte

296 967 376 1014 uum
393 946 429 1013 in
441 937 591 1040 procliue
603 935 850 1014 detruderentur
869 939 994 1030 hustet,
1016 941 1124 1015 multo
1146 959 1205 1016 tar·

248 1037 252 1052 '
270 967 364 1129 dius,
384 1040 564 1120 sedtamcn
583 1041 702 1117 iisdem
716 1042 785 1142 diit
804 1042 1047 1134 adiuuantibus,
1072 1042 1204 1123 finillro

273 1173 376 1227 cornu
392 1145 564 1250 mediaque
586 1153 656 1222 acie
678 1163 762 1221 totae
782 1146 1000 1248 pmlliganmr
1018 1154 1136 1250 ¹copiae
1153 1173 1205 1224 re·

273 1259 341 1354 gis:
373 1278 455 1353 quae
482 1277 581 1354 quam
605 1248 705 1324 facile
723 1245 883 1326 subierant
903 1259 1055 1353 iniquum
1078 1254 1204 1337 locum,

110 1432 123 1444 ,
229 1389 235 1396 ·
272 1376 342 1431 tam
357 1357 518 1444 celeriter,
537 1353 638 1456 gradu
654 1351 783 1452 pulsae,¹
807 1357 1038 1456 premebantur
1055 1355 1123 1432 luci
1145 1359 1206 1430 ini·

272 1466 402 1560 quitate.
453 1464 562 1559 ltaque
576 1458 686 1532 multis
701 1455 861 1534 militibus
880 1463 1000 1560 partim
1016 1455 1204 1546 intersedit,

270 1568 392 1664 partim
407 1557 540 1636 suorum
555 1567 649 1634 ruina
661 1560 834 1661 opprcllir,
854 1569 912 1664 qui
933 1563 1101 1638 velocitate
1123 1558 1203 1636 effu·

271 1685 527 1768 gerepotcrant,
551 1670 650 1738 armis
662 1681 773 1738 tamen
786 1669 952 1766 proicdiir,
972 1665 1094 1742 vallem
1107 1681 1203 1740 tranr-

270 1765 385 1868 gredi,
411 1767 498 1844 nibil
520 1793 561 1841 ex
580 1766 659 1841 luco
680 1764 849 1869 superiore
869 1776 1014 1845 inermes
1041 1767 1202 1870 prolicere

268 1891 426 1990 poterant
505 1877 548 1946 At
571 1870 692 1956 nollri,
713 1875 853 1948 victoria
877 1874 970 1958 clati,
1006 1869 1114 1948 subire
1140 1875 1202 1945 ini·

250 1998 376 2078 ¹quum
394 1975 528 2059 locum,
565 1981 831 2077 munitionesque
856 1975 987 2078 adgredi
1013 2001 1081 2050 non
1106 1971 1204 2048 dubi·

270 2097 388 2153 tarunt.
438 2073 815 2154 Defendcutibusautem
831 2086 872 2154 iit
885 2081 1073 2158 cohortibus
1085 2077 1200 2162 casira,

243 2257 246 2264 ,
295 2208 348 2256 uas
368 2182 547 2278 Pharnaces
568 2178 729 2280 praefidio
756 2184 945 2284 reliquerat,
980 2181 1126 2256 celeriter
1148 2207 1198 2256 ce·

268 2205 340 2358 driu
360 2283 506 2358 hostium
527 2279 601 2358 sunt
620 2291 725 2386 potiti·
798 2283 970 2361 intersedit
991 2280 1201 2358 multitudine

269 2383 425 2464 suorum.
451 2407 506 2462 aut
522 2409 629 2486 capta,
650 2393 837 2462 ¹Pharnaces
856 2415 934 2464 cum
955 2394 1062 2488 paucis
1086 2391 1201 2488 equiti·

268 2491 328 2565 bus
343 2486 507 2600 profugit:
530 2498 583 2566 cui
599 2488 661 2565 nili
679 2491 856 2568 delirorum
878 2497 1080 2592 oppugnatio
1101 2487 1200 2566 sacul-

268 2613 368 2694 tutent
388 2590 537 2668 attulisset
556 2591 690 2668 liberius
710 2590 939 2694 profugiendi,
964 2601 1056 2676 uituu
1073 2599 1108 2668 iu
1121 2599 1200 2680 Cne-

265 2693 342 2774 sarit
360 2697 547 2798 potestatem
562 2695 719 2770 *adductus
742 2693 825 2773 esset.
1225 2727 1233 2739 „

96 2799 245 2880 Lxxvn
339 2801 418 2876 Tali
432 2803 569 2876 vidioria
583 2807 679 2877 toties
694 2803 798 2874 victor
814 2795 931 2874 Cacsar
951 2796 1136 2874 incredibili
1152 2796 1194 2872 etl

264 2901 558 2992 laetitinadsctlut,
579 2901 668 3004 quod
688 2909 874 2994 maximum
898 2903 1022 2977 bellum
1043 2924 1127 2977 tauta
1147 2927 1199 2976 ce·

262 3005 606 3097 letitatccousccerat3
626 3005 779 3109 quodque
792 3003 885 3079 subiti
899 3008 1037 3106 periculi
1051 3003 1199 3082 recorda·

120 3141 125 3150 ·
262 3117 313 3188 tio
326 3112 371 3186 cll
380 3112 515 3200 lautior,
536 3108 626 3215 quod
642 3113 779 3214 vislerio
798 3105 909 3188 facilis
929 3135 969 3184 ex
990 3107 1197 3284 difficillippie

1102 3239 1137 3286 rc
1160 3237 1199 3286 uc

306 3347 412 3437 cafibm
431 3346 503 3418 betti.
546 3355 617 3430 Lug.
634 3345 712 3411 belli.
746 3351 822 3428 pian.
839 3354 871 3413 B.
888 3353 920 3410 C.
940 3371 967 3410 a.
988 3370 1017 3426 p.
1034 3361 1105 3426 485.
1149 3355 1198 3412 De

259 3441 388 3586 ῗὲςῂᾒιιίι
400 3459 501 3504 omnes
512 3441 712 3499 cudd.babent
745 3439 893 3584 ἶεΙςτάἱῐέτε
902 3438 1026 3580 εοιιίειῗῗ
1042 3440 1127 3498 lruiut
1136 3439 1198 3498 bet·

313 3546 345 3586 ss·
701 3548 704 3557 ¹
756 3543 837 3584 tvt.
867 3541 966 3582 ueton.
1026 3563 1035 3580 ι
1090 3564 1098 3580 ι

303 3605 467 3696 (islandia
483 3605 620 3689 adfedircr.
655 3611 709 3668 llln
1049 3540 1086 3596 35
1157 3667 1161 3680 ,

258 3701 376 3778 quidem
390 3716 521 3770 tempore
537 3697 600 3756 vl'us
610 3695 709 3754 elino-
784 3687 908 3774 quodque
924 3718 962 3734 ··
979 3685 1091 3753 laetior.
1122 3692 1195 3750 Vul-

258 3785 386 3846 bilissimn
416 3783 464 3839 illc
486 3799 576 3838 voce:
629 3779 708 3852 Veni,
743 3795 793 3856 go:
816 3789 931 3858 eratque
946 3769 1006 3854 firi.
1028 3794 1086 3856 per,
1106 3793 1195 3834 m.

109 3854 112 3871 ⁸
245 3865 340 3947 ,ardu
360 3867 430 3928 uiti.
472 3866 614 3924 Plutarch.
628 3867 706 3929 Caci
741 3859 861 3921 datiam
875 3861 994 3936 laterior,¹
1008 3881 1043 3922 ex
1060 3865 1196 3922 emenda·

243 3949 283 4016 ²e.
295 3975 342 4030 ςο.
353 3957 413 4018 Diu
427 3951 495 4014 eati.
509 3971 561 4027 42,
575 3963 624 4026 48.
650 3953 706 4028 Ap·
741 3950 831 4008 tiout.
