2762 4520
411 401 415 416 Ι
514 275 689 376 trust
737 303 810 376 111.
933 349 961 376 ,.
1061 303 1128 380 101

90 531 93 540 ·
187 489 275 576 ioei,
307 485 458 564 hostiurn
480 482 649 564 inscientia
670 518 709 564 ae
730 484 983 588 defatigatione,
1010 493 1129 564 virtute
1157 563 1160 570 ,

189 593 354 682 militnm,
381 589 588 692 superiorum
607 619 795 697 pugnarum
815 589 1065 680 exercitatione,
1090 611 1125 668 vt
1253 627 1258 636 ·

67 747 71 754 -
183 709 229 772 he
248 723 355 772 vnum
373 693 508 799 quidem
526 694 718 772 nostrorum
743 701 904 799 impetum
924 691 1066 783 ferrent,
1086 723 1126 772 ae
1143 729 1155 750 ..
1247 698 1252 710 “

139 837 153 848 ⁴
183 799 288 878 statim
303 819 396 900 terga
409 817 575 874 verterent.
627 803 721 904 Qus
735 795 914 902 impeditos
926 806 1061 900 integpis
1077 801 1125 875 vi·'

181 905 274 978 ribus
294 904 420 980 milites
442 900 741 994 nossrieonseeu'ti,
758 895 929 1006 inagnum
943 919 1124 980 numerum
1146 901 1153 930 ”
1210 979 1212 986 ,

183 1033 303 1086 eorum
316 1005 527 1097 occiderunt
549 1007 694 1112 reliquos
706 1015 829 1112 equites
839 1004 1025 1094 consedisti,
1045 1029 1124 1109 pau·

183 1137 261 1198 eos,
279 1117 337 1214 qui
356 1091 492 1214 eiftiga
508 1109 691 1197 euaserant,
715 1112 924 1214 reliquerunt.
963 1115 1031 1185 *Sic
1053 1137 1123 1187 vno

152 1279 158 1299 ,
182 1233 336 1313 tempore
354 1235 386 1288 et
406 1212 449 1288 de
469 1215 577 1295 nauali
593 1241 704 1320 pugna
718 1218 872 1301 Sabinus,
890 1235 926 1289 et
948 1211 989 1290 de
1009 1217 1122 1290 Sabini
1243 1213 1247 1222 ’

110 1403 112 1408 ,
182 1317 323 1392 victoria
338 1313 453 1392 Caesar
471 1325 593 1394 certior
612 1315 737 1408 fadius,
771 1325 980 1420 ciuitatesque
1001 1343 1122 1393 omnes

179 1416 338 1508 sestarim
351 1426 488 1514 ‘sintrio
502 1417 706 1500 dediderunt
757 1415 1044 1500 Namnt'adbelia
1059 1418 1123 1498 sus·
1249 1493 1252 1502 .

181 1523 335 1624 eipienda
356 1510 531 1602 Gallorum
552 1527 657 1602 alaeer
683 1555 723 1602 ac
742 1547 893 1629 promtus
912 1522 958 1600 est
978 1533 1121 1615 animus,
1331 1545 1337 1554 ·

179 1625 228 1704 iie
244 1629 358 1704 mullis
374 1659 413 1704 ae
430 1635 575 1706 minime
587 1629 733 1707 reiiiiens
749 1630 791 1708 ad
805 1632 1000 1708 calamitates
1014 1625 1121 1733 psr'fe·
1149 1677 1155 1696 ·

177 1730 293 1807 tendas
306 1733 600 1830 menseommest.
1181 1763 1184 1770 ’

251 1859 383 1936 Eodem
399 1855 468 1936 fere
483 1881 634 1966 tempore
647 1857 827 1962 heratius,
846 1849 951 1966 quum
965 1867 1002 1936 iu
1017 1863 1123 1964 Aqui'
1145 1859 1205 1939 XX
1304 1867 1309 1878 “

178 1968 301 2039 taniam
320 1960 532 2065 peruenisset,
556 1993 640 2070 quae
653 1993 743 2069 pars,
765 1985 800 2042 vt
820 1987 894 2042 ante
914 1963 1043 2042 dietum
1060 1964 1118 2052 est,
1161 1985 1166 1992 ·
1252 1967 1255 1974 ’

180 2087 214 2140 et
227 2073 400 2169 regionum
413 2069 594 2158 latitudine,
608 2067 1060 2156 etmuititudinehominum,
1075 2095 1117 2144 err
1210 2081 1216 2096 “

179 2178 275 2247 tertia
288 2193 378 2273 parte
385 2173 513 2249 Galliae
530 2174 575 2247 est
589 2171 804 2261 aestimanda,
833 2203 936 2278 quum
950 2172 1118 2272 intellege·

177 2293 246 2362 ret,
267 2281 305 2349 in
324 2275 473 2352 hisloeis
490 2273 550 2348 srbi
567 2275 908 2375 seiungendum,
934 2279 989 2350 vbi
1006 2279 1129 2376 paucis¹
1252 2351 1261 2360 ,

178 2399 254 2452 ante
268 2385 363 2452 annis
378 2383 414 2454 L.
421 2375 573 2454 Valerius
586 2383 814 2464 Praeconinus,
828 2381 960 2479 legatus,
974 2383 1117 2452 exercitu

137 2567 143 2577 Ι
175 2475 293 2581 pulso,
324 2476 515 2562 intersedius
538 2473 633 2568 edet,
655 2498 760 2582 ‘atque
784 2478 871 2557 vnde
891 2487 926 2558 L.
948 2469 1127 2568 Manilium·
1177 2545 1180 2556 ,
1211 2563 1215 2570 .

176 2580 376 2670 Proconsul,
402 2580 648 2686 impedimentis
667 2583 788 2659 antissi's
811 2581 1019 2690 profugisset,
1037 2609 1118 2658 uun

174 2685 386 2764 mediocrem
413 2685 472 2764 fibi
500 2687 707 2790 diligentiam
742 2685 960 2766 adhibendam
989 2687 1117 2766 intelle·

179 2795 285 2894 gebat.
334 2797 445 2894 ltaque
459 2819 495 2868 re
508 2789 722 2872 frumentaria
734 2790 876 2894 prouisa,
886 2793 1015 2870 auxiliis
1028 2799 1117 2894 equi·
1166 2835 1173 2864 r

178 2917 310 3000 tatuque
328 2917 536 3000 comparato,
558 2897 670 2976 multis
692 2917 856 2998 praeterea
878 2903 956 2974 viris
975 2892 1115 2970 fortibus

423 3007 427 3015 ’
490 3022 492 3030 ’
696 3003 766 3093 03
976 2989 1118 3128 'Itolosn

222 3180 381 3268 inscientia.
409 3190 481 3248 'Sic
501 3205 530 3248 et
557 3191 587 3250 h.
608 3189 629 3252 l.
677 3178 862 3272 *exemp
879 3181 1042 3274 G.efiaefl.
1060 3209 1115 3268 pta
1181 3265 1192 3274 ‚

179 3273 404 3351 pleriquecodd.
447 3277 483 3334 Er
504 3277 629 3342 uetiti.
664 3277 748 3335 tertia
764 3297 792 3353 p.
802 3277 840 3335 G.
854 3277 985 3336 habenda
1001 3277 1050 3335 est.
1073 3281 1076 3294 '

179 3359 273 3418 critici
281 3361 439 3438 vulgatum,
446 3294 573 3447 inditia,
586 3383 631 3432 re,-
702 3356 804 3440 paucis
816 3374 883 3420 astte
895 3359 989 3424 attuit.
1016 3361 1114 3422 Multo

178 3445 322 3508 iecerunt.
345 3447 404 3506 vid.
430 3466 455 3502 c·
473 3467 502 3520 9.
545 3451 631 3506 Cete-
663 3447 917 3516 inrdioconantut,
930 3465 1042 3524 tempus
1056 3449 1138 3529 huc·¹

178 3551 243 3590 tum
265 3547 296 3588 et
315 3533 390 3590 hanc
413 3531 630 3592 dimicationem
665 3549 696 3592 et
711 3533 820 3592 bellum
840 3534 975 3603 definiret
997 3535 1047 3594 sed
1069 3550 1116 3592 tot

177 3617 239 3676 ni·
253 3617 322 3675 carr.
341 3633 447 3691 39‚45.
465 3617 609 3681 describit.
664 3635 789 3678 vruntur
809 3611 997 3688 conietiu'tis,
1024 3637 1058 3677 vt
1079 3619 1116 3678 ad

514 3711 521 3718 '
559 3702 563 3712 ’
664 3704 1115 3781 veritatemhistotiaenihilpro·

220 3769 632 3874 petininAqttitpttventffet.
664 3781 800 3851 ficiatur,
829 3793 889 3870 Ego
905 3791 1012 3872 nescio,
1025 3773 1121 3867 quan-'¹
1178 3787 1180 3792 ’

179 3873 226 3934 Cf.
243 3887 329 3934 etr.
666 3875 704 3947 do
728 3892 757 3934 et
775 3897 833 3956 quo
857 3877 934 3937 betto
957 3878 1026 3934 haec
1049 3873 1116 3932 euess
1164 3884 1181 3918 ⁰

267 3973 271 3982 ·
666 3963 774 4020 nerins.
828 3965 864 4023 Et
905 3962 976 4040 quid
1011 3959 1119 4019 attinet

221 4054 299 4104 ante.
324 4039 384 4102 vid.
399 4061 425 4111 t,
442 4059 467 4099 t.
666 4043 757 4106 scite?
