2760 4528
179 249 183 256 ’
256 234 333 382 ‘na
486 274 557 354 mr
605 271 774 354 nanno
814 259 969 356 ‘niun

260 453 321 561 rite
348 467 414 544 'nec
434 461 487 544 dat
510 447 569 544 elli
590 469 711 542 ciuitati
733 463 870 570 spatium
893 451 1204 574 dc'tillena'botittt,

259 599 363 676 qnam
378 572 420 644 de
432 570 610 648 domestica
627 569 725 646 salute
747 570 933 674 cogitandis
956 562 1018 679 qud
1038 577 1205 652 eeleritate

258 697 295 752 er
308 671 423 750 fideles
432 682 559 750 amicos
569 679 748 762 retinebar,
778 698 812 750 er
824 679 1007 752 dubitantes
1020 698 1145 752 terrore
1159 680 1204 754 ad

261 768 472 854 conditiones
485 784 572 880 pacis
586 778 777 867 adducebat.
826 781 908 855 Tali
921 779 1116 856 conditione
1123 807 1202 881 pro-

222 944 224 953 .
261 879 384 986 polita,
416 885 592 983 bituriges,
625 907 729 984 quum
758 879 818 954 sabi
849 884 1000 957 viderent
1025 884 1202 960 elementia

261 983 408 1060 Caesaris
427 983 570 1060 reditum
590 1005 699 1086 patere
718 991 756 1058 in'
775 991 845 1058 eins
867 991 1066 1072 amicitiam,
1100 986 1202 1062 finin-

14 1133 17 1156 ,
262 1111 398 1191 masque
411 1093 554 1163 ciuitates
565 1085 634 1169 fine
648 1081 834 1189 vllap'oeoa
853 1085 974 1162 dediffe
992 1087 1137 1179 obfides,
1159 1109 1204 1168 at·

154 1185 158 1192 ¹
199 1189 202 1194 ’
263 1199 378 1294 quein
394 1189 499 1268 fldem
513 1207 655 1294 receptas
669 1187 751 1278 else,
775 1193 866 1266 idem
880 1185 1038 1266 lecerunt.
1060 1191 1064 1204 '

74 1403 78 1410 ,
153 1307 233 1386 ἨΠ
282 1321 287 1349 ’
341 1317 458 1397 Caesar
470 1321 629 1394 militibus
650 1345 713 1422 pro
733 1337 823 1394 tanto
844 1319 957 1394 labore
980 1348 1018 1394 ae
1037 1324 1204 1420 patientia,

177 1503 181 1514 ,
264 1430 322 1530 qni
338 1425 537 1498 brumalibus
555 1422 877 1516 dicbus,'itiueribns
898 1421 1125 1510 difficillimis,
1146 1421 1204 1499 fri·

59 1545 63 1554 ·
109 1563 111 1570 ·
290 1529 398 1601 oribus
414 1526 642 1612 intolerandis,
661 1523 889 1607 lludiofiffimc
909 1524 1153 1628 permanserant
1167 1535 1205 1602 in

239 1693 242 1702 .
263 1553 400 1718 labore,
426 1629 570 1704 ducenos
589 1627 768 1720 sollertior,
785 1633 1041 1706 ‘centurionibus
1054 1637 1084 1705 ll
1108 1633 1201 1710 milia

265 1761 445 1812 nummum
462 1733 597 1836 praedae
613 1741 753 1808 nomine
767 1731 986 1810 condonanda
1007 1736 1202 1836 pollicetur,

264 1837 516 1940 legionibusque
529 1840 706 1912 inbiberoa
715 1837 865 1924 remillis,
888 1835 956 1937 iple
969 1835 1002 1912 sc
1013 1845 1130 1939 recipit
1146 1837 1202 1912 die

263 1945 383 2018 XXXX
402 1943 558 2024 Bibrar‘le.
609 1933 657 2015 lbi
681 1967 783 2045 quum
810 1947 860 2017 ina
878 1941 1018 2029 diceret,
1044 1947 1201 2042 Bituriges

265 2041 401 2122 odeum
421 2044 544 2148 legatos
566 2051 720 2132 mittunt,
741 2045 901 2132 auxilium
923 2052 1063 2146 petimtq
1086 2067 1202 2120 contra

168 2219 173 2226 .
235 2185 241 2204 ,
266 2151 439 2235 Carnutes,
475 2175 557 2252 qnos
578 2145 718 2224 intulill'c
747 2147 870 2223 bollum
894 2145 954 2224 libi
979 2151 1200 2252 querebantur.

265 2257 342 2355 Qu
354 2259 552 2354 recognita,
574 2281 677 2354 quum
702 2277 772 2327 non
793 2251 933 2354 amplius
946 2253 974 2326 X
988 2272 1020 2326 et
1037 2256 1113 2326 Vlll
1129 2247 1199 2325 dies

264 2361 301 2432 in
317 2356 460 2430 hibernis
481 2353 557 2430 ell‘et
576 2377 816 2443 commoratus,
834 2357 982 2460 legiones
1002 2357 1090 2432 Xllll
1105 2375 1138 2430 et
1151 2355 1199 2428 Vl

266 2485 308 2534 ex
322 2461 465 2534 bibernis
481 2462 520 2560 ab
530 2467 629 2535 Arare
642 2459 773 2550 educite
799 2487 876 2564 quas
892 2462 936 2535 ibi
951 2459 1134 2546 collocatas,
1148 2481 1201 2531 ex·

266 2563 439 2663 plicaudae
460 2571 506 2638 rei
530 2557 763 2648 frumentariae
783 2561 903 2650 caull'a,
925 2559 1091 2664 superiore
1111 2587 1201 2637 corn·

264 2673 429 2742 mortario
450 2663 707 2741 demonstratum
726 2665 781 2739 eli.
843 2671 889 2740 lto
912 2691 990 2742 cunt
1014 2665 1136 2742 duabus
1156 2665 1202 2741 le·
1299 2683 1304 2694 '

258 2770 419 2870 'giouibus
433 2767 473 2844 ad
488 2768 725 2881 persequendos
739 2775 897 2874 Carnutes
914 2763 1138 2870 proficiscitur.

204 2903 237 2976 V
339 2899 453 2992 Quum
482 2893 571 2976 fama
599 2905 757 3000 exercitus
782 2896 824 2972 ad
844 2895 952 2998 bosses
972 2889 1048 2970 effes
1067 2891 1198 3000 perlata,

264 3000 447 3077 calamitate
457 3005 644 3078 'ceterorum
664 3001 753 3076 dudi
768 3009 946 3086 Carnutes,
964 2993 1096 3072 desertis
1119 2999 1199 3070 vicis

264 3103 481 3208 oppidisque,
499 3133 580 3206 quae
599 3104 782 3182 tolerandae
802 3109 922 3180 hiemis
934 3097 1063 3210 caulis,
1082 3097 1200 3175 conlli·
1286 3193 1292 3202 .

151 3198 161 3320 '¹
238 3217 240 3222 “
264 3213 339 3281 tutis
351 3231 486 3310 repente
508 3217 640 3335 exiguis
653 3209 693 3286 nd
716 3206 932 3336 nereditatem
954 3193 1200 3382 aedificliq,:¹1q·

131 3455 136 3466 .
264 3311 818 3532 nllusrssnsnnr
831 3311 1199 3516 uulnus,

229 3563 235 3572 .
1155 3539 1203 3589 ω,
1262 3589 1269 3604 ,

98 3714 106 3728 ι
206 3750 211 3762 q
300 3673 501 3740 condonanda.
529 3675 714 3742 inormibus
747 3682 830 3745 tione
849 3679 967 3740 euxine„
1025 3676 1197 3738 ciacconius
1227 3727 1232 3735 .

245 3769 346 3828 -eodd
370 3783 481 3842 promer
501 3783 594 3826 vnum
613 3783 720 3828 recem.
747 3767 843 3828 voluit
858 3767 941 3824 rolli:
973 3783 1035 3826 non
1050 3763 1134 3822 mne.

262 3871 321 3913 tem
350 3853 388 3912 eli
416 3846 594 3917 cmobaata,
629 3852 713 3914 sensu
779 3846 870 3932 semer.
887 3855 1033 3908 romum.
1054 3847 1199 3924 Cfimo·

260 3939 359 3998 nullos
397 3953 467 4016 ergo
490 3938 605 4014 vulgata
627 3937 712 3998 ledlio
746 3941 793 4000 De
806 3931 948 4012 explicare
964 3934 1022 3996 vid.
1038 3934 1100 3994 ind.

260 4025 377 4088 ridetur
396 4019 535 4087 ennean
561 4037 712 4084 ecasreo
787 4013 969 4100 emineant.
1010 4019 1071 4078 rid.
1092 4015 1155 4078 int.
