2760 4528
245 319 325 430 ,it
499 325 570 402 ne
615 299 788 404 netto'
822 327 985 406 metr

275 517 534 618 repentinoeiue
551 509 696 589 'aduentu
715 513 897 604 commoti,
927 512 1095 617 qt'tumid‚
1123 513 1216 619 qnod
1249 559 1252 570 ·

277 617 339 722 ipfi
361 617 474 692 'diebus
494 623 617 718 uiginti
641 616 1076 719 aegerrimeeconsecernnt,
1097 641 1132 695 vt
1151 619 1215 694 flu·

246 741 254 752 “
274 749 359 800 men
372 719 558 807 transirent,
580 719 836 798 uno'illnmdie
850 719 962 798 secisse
975 721 1214 822 intellegerent,

271 829 401 930 legator
422 821 463 900 nd
489 851 566 900 eum
592 829 740 900 mittunt:
762 831 855 900 cuiue
885 827 1060 927 legationis
1087 829 1211 902 Diuico
1255 837 1259 850 '

272 940 426 1035 princepe
439 925 529 1016 fuit„
543 937 597 1033 qui
615 929 706 1004 bello
721 927 873 1007 caffiano
893 928 960 1004 dux
974 931 1211 1006 Heluetiorum

156 1041 163 1056 ’
250 1031 389 1114 'suerat
440 1042 469 1110 lc
485 1041 529 1109 ira
542 1061 620 1110 cum
634 1031 769 1107 Caesare
783 1041 868 1136 agite
887 1039 921 1108 Si
938 1061 1054 1136 pacem
1067 1035 1211 1136 populor

272 1145 445 1218 Romanus
466 1165 542 1213 cnm
564 1137 727 1212 Heluetiis
748 1129 902 1223 saceret‚·
924 1144 960 1212 in
987 1161 1061 1213 enm
1082 1160 1210 1239 partem

271 1253 392 1330 ituros,
413 1263 510 1344 arque
525 1244 576 1317 ibi
595 1238 723 1315 futuros
738 1241 929 1328 Heluetios,
949 1243 1004 1315 ubi
1022 1261 1079 1315 eos
1092 1240 1210 1316 Caesar

270 1344 501 1432 constituilset‚
522 1369 618 1448 atque
630 1342 693 1419 esse
707 1341 876 1425 voluiss’et:
896 1344 944 1418 fin
959 1345 1048 1420 bello
1062 1342 1209 1449 persequi

269 1449 503 1557 perseueraret,
522 1445 781 1524 reminisceretur
800 1471 843 1529 et.
855 1455 969 1522 ueteris
990 1449 1208 1526 incommodi
1236 1465 1239 1477 ‘

267 1555 388 1660 populi
404 1548 567 1640 Romani,
591 1575 622 1626 er
645 1553 797 1654 pristinae
818 1559 944 1629 virtutis
963 1555 1208 1630 Heluetiorum

267 1659 370 1764 Qud
387 1654 570 1759 improuiso
579 1683 682 1734 vuum
699 1643 973 1758 pagrttsttndortue
991 1655 1083 1743 effer,
1103 1675 1208 1759 quum

268 1763 314 1851 il,
339 1769 395 1864 qui
410 1761 537 1837 llumen
551 1755 746 1847 renuntient,
766 1757 829 1834 suit
843 1760 1009 1836 ‘auxilium
1027 1755 1115 1834 ferre
1136 1759 1207 1837 noir

266 1864 413 1970 possent,
434 1890 477 1940 ne
490 1867 535 1940 ob
551 1891 624 1938 eam
640 1889 712 1938 rem
727 1883 785 1938 ent
797 1859 872 1938 sure
889 1889 1014 1965 magno
1028 1885 1130 1967 opere
1143 1873 1206 1940 rit·
1297 1855 1303 1866 '

266 1978 328 2046 tuti
342 1973 513 2055 tribueret,
539 1989 592 2043 nur
608 1961 696 2067 ipsos
709 1963 904 2068 despiceret:
924 1965 956 2041 se
972 1975 1014 2042 ite
1028 1998 1046 2041 n
1062 1973 1203 2069 patribnt

266 2073 514 2176 maiorib'tuqne
527 2069 590 2146 suit
603 2067 761 2156 didicisse,
780 2091 816 2144 ut
829 2077 934 2171 magis
950 2079 1078 2159 virtute,
1101 2100 1204 2174 quam

266 2175 352 2255 dete
365 2174 618 2261 contenderent,
643 2196 697 2249 rut
713 2172 838 2250 insidiis
853 2183 1041 2250 niterentur.
1092 2179 1203 2271 Quare
1340 2249 1345 2257 ,

231 2303 242 2374 ᾖ
265 2307 313 2362 tte
327 2289 572 2376 committeret,
591 2299 627 2352 ut
646 2285 673 2352 ic
694 2281 805 2362 locus,
831 2281 888 2353 rbi
910 2277 1141 2366 constitissent,
1161 2305 1203 2355 ex

264 2387 448 2462 mlamitete
461 2383 578 2486 populi
594 2387 738 2459 Romani
754 2405 785 2456 et
799 2389 1026 2459 internecione
1042 2392 1204 2460 exercitur

147 2565 149 2570 ,
261 2483 390 2566 nontcn
405 2507 549 2588 caperet,
570 2492 844 2566 curmemorinm
855 2485 1022 2588 proderet.
1158 2493 1161 2514 '
1197 2501 1201 2515 ⁴
1238 2537 1246 2552 ·

141 2581 237 2660 XIIII
273 2591 288 2653 ἰ
337 2599 403 2668 Hie
416 2587 531 2670 Ceessr
544 2597 588 2664 itn
601 2588 788 2690 respondit:
811 2597 862 2664 Eo
876 2589 937 2664 srbi
953 2597 1064 2665 mittut
1080 2589 1204 2688 dubita}

261 2693 466 2780 denodari,
488 2689 646 2796 quodem
662 2719 723 2780 rer,
743 2719 820 2794 quas
832 2693 931 2795 legati
939 2696 1089 2770 Heluetii
1106 2721 1204 2770 com.

161 2821 172 2891 ;
196 2835 199 2843 ’
221 2817 228 2831 ’
259 2795 513 2882 nereensem,
536 2801 704 2870 memorie
725 2815 871 2870 terreret:¹
893 2817 988 2900 etque
1008 2824 1050 2872 eo
1069 2805 1202 2896 grenine

260 2903 366 2991 ferre,
398 2891 466 3006 qno
488 2904 598 2974 minut
621 2907 741 2974 merito
762 2899 1048 3000 populiRomeni
1066 2897 1202 2976 accidis*

242 3007 349 3103 ¹sent:
380 3013 437 3113 qni
461 3001 495 3094 sr-
516 3003 653 3080 alicuius
675 2999 893 3078 iniutinefibi
914 3002 1061 3088 conscius
1080 2999 1200 3094 fuisset·

261 3107 441 3190 nousnisse
454 3106 595 3184 difficile
608 3133 740 3196 neuere3
761 3103 818 3181 sed
836 3103 1085 3208 redemptum,
1106 3107 1204 3211 quod

124 3291 128 3308 ,
260 3243 370 3320 neque
384 3208 600 3310 commissum
616 3241 635 3286 n
650 3209 682 3285 se
697 3209 915 3312 intellegeret,
939 3240 1039 3316 quare
1051 3217 1201 3306 timerem

260 3329 369 3422 neque
390 3315 459 3392 stne
482 3312 587 3392 causs'a
603 3315 790 3389 timendum
803 3337 937 3414 putaret.
990 3315 1091 3409 Quod
1105 3313 1131 3390 fi
1147 3343 1200 3394 ve

179 3464 181 3476 =
260 3429 338 3498 terit
360 3420 581 3498 contumeliae
602 3415 756 3495 obliuisci
778 3419 893 3508 vellet3
921 3447 1006 3496 num
1029 3425 1128 3496 etiem
1149 3449 1198 3497 re·

259 3532 408 3632 anuum
426 3531 642 3612 iniuriarum,
662 3519 754 3626 quod
773 3517 819 3597 eo
836 3529 947 3602 inuito
968 3531 1029 3600 iter
1046 3551 1106 3628 per
1120 3531 1199 3603 l'ro·

185 3681 189 3690 ·
223 3710 241 3756 ο
1049 3637 1197 3710 vincitne

260 3823 282 3846 ··
301 3799 409 3862 vernis
430 3795 613 3862 incommodi.
663 3799 712 3862 Eli
785 3807 816 3860 to'
833 3799 928 3862 mireo
940 3795 1146 3882 dubitationis,
1162 3829 1196 3868 r·

258 3888 319 3969 ipse
334 3892 382 3950 ille
397 3889 632 3952 cradescmrne.
704 3917 708 3924 ·
743 3905 820 3948 trum
845 3903 944 3963 pacem
963 3889 1028 3948 curii
1049 3894 1194 3954 Heluetiis
1273 3893 1277 3900 “

260 3993 266 4006 ⁴
472 3973 484 3994 '
620 3992 624 4004 ’
743 3974 869 4041 feceret,
889 3975 1195 4055 enbelloenepctse·

300 4054 667 4138 nibueereqnidqern.
744 4061 923 4137 quivettee
953 4078 978 4110 ·.
1069 4101 1074 4110 .

24 4201 64 4281 Ι
