2748 4532
53 285 55 304 ·
109 365 112 380 Ι
270 263 353 362 aas
475 264 546 340 ns
593 261 765 338 ursus
798 261 981 341 ertum

270 449 393 532 fulibns
406 417 618 548 Dyrsltachio
632 444 797 536 remiffce,
816 476 898 552 quac
917 407 1063 550 priorem
1078 469 1213 558 partem

273 564 432 642 exercitus
443 581 486 630 eo
500 552 758 656 deportaucrant,
778 552 986 630 Brundifium'
997 577 1212 634 reuertuntur.

224 747 235 758 ι
271 665 466 762 Pompeius,
493 655 561 732 ssue
580 659 731 758 operibus
751 655 895 734 Caesaris
923 681 1113 760 permotus,
1141 658 1212 736 fiue

213 786 227 810 ⁰
275 772 374 841 etiam
395 759 485 867 quod
506 764 546 836 ab
568 767 665 838 initio
689 762 779 838 ltalia
804 758 959 836 excedere
988 763 1212 852 constituerat,

38 1693 42 1700 ⁵
187 1783 191 1790 ,
273 1697 455 1800 bustatque
469 1689 883 1874 eispmmcunspmesqpit.
911 1700 1212 1795 Hisparatisrebus,

123 2333 263 2428 xxvnr

273 866 417 946 aduentu
436 872 571 942 nauium
596 861 838 968 proleclionem
863 892 976 967 parare
1001 871 1132 966 incipit:
1165 890 1220 956 et,

274 997 344 1078 quo
360 967 486 1046 facilius
498 975 667 1069 impetum.
676 965 822 1046 Caesaris
835 968 984 1060 tardaret,
1010 997 1053 1063 pe
1067 967 1122 1046 sub
1140 968 1209 1071 ipsa

273 1071 488 1181 profelllonc
507 1074 628 1148 milites
648 1069 813 1174 oppidum
838 1079 1078 1176 irrumperent,
1103 1097 1211 1176 portas

274 1177 543 1266 obstruit,·vicos
565 1176 744 1278 plateasque
766 1173 970 1264 inaedificat,
994 1171 1093 1272 lolius
1113 1201 1218 1256 trans.

273 1279 379 1362 versas
395 1287 456 1356 viis
473 1278 648 1384 praeducit,
658 1299 752 1380 atque
766 1280 812 1354 ibi
827 1275 919 1356 sudes
930 1280 1113 1384 stipitesque
1122 1309 1212 1384 prae-

273 1408 384 1466 acutos
397 1383 521 1486 defigit.
572 1389 667 1460 Haec
686 1383 812 1460 leuibus
832 1386 969 1460 cratibus
993 1405 1141 1488 terraque
1161 1393 1211 1462 in·

273 1511 406 1593 aequam
429 1487 655 1564 aditusuutem'
670 1509 766 1590 atquc
780 1495 895 1564 itinera
914 1487 1000 1576 duo,
1020 1517 1102 1592 quae
1123 1511 1211 1566 extra

276 1621 413 1672 murum
426 1591 468 1668 ad
480 1613 612 1701 portum
626 1587 789 1678 ferebant,
812 1599 968 1668 maximis
985 1591 1101 1666 defixis
1116 1595 1214 1701 trabi}

274 1801 398 1876 milites
413 1797 542 1875 fitentio
555 1825 653 1874 naues
671 1797 816 1876 conlceu
839 1826 892 1874 ere
911 1801 1018 1890 iubet3
1040 1799 1227 1902 expeditne

273 1923 385 1980 entem
400 1929 440 1978 cx
452 1909 592 1978 euocatis
607 1898 638 1976 l'a
662 1909 773 1980 ittariir
786 1897 1068 2006 funditoribusque
1077 1912 1213 1984 russin

274 1929 745 2108 muroturribusque‘dillsqnit
771 2011 846 2082 Hos
855 2027 944 2080 certo
952 2004 1047 2106 ligno
1056 2035 1212 2084 reuocare

274 2110 454 2200 constituit,
465 2133 566 2211 quum
574 2110 821 2186 omnesmilites
830 2106 1209 2202 navescoulceudill'eut3
1280 2139 1286 2146 ·

274 2235 371 2320 atquc
386 2219 426 2290 iis
441 2239 480 2288 ex
505 2211 593 2288 edito
606 2213 684 2288 loco
696 2215 835 2290 alluaria
851 2219 979 2315 uruigia
994 2214 1159 2317 relinquit.

346 2317 466 2393 lltund‘
496 2323 549 2404 ui,
582 2322 863 2419 Pompeianorum
897 2317 1045 2392 militnm
1079 2325 1212 2394 iniuriis

275 2443 371 2525 atquc
390 2419 489 2522 ipstus
509 2427 658 2520 Pompeii
680 2421 888 2498 contumeliis
911 2427 1077 2522 permoti,
1099 2419 1211 2496 Caesa·

272 2527 438 2718 istil
452 2520 1211 2730 llsffllttllllltlllllllllll

272 2741 327 2821 tis,
343 2731 444 2834 vulgo
460 2757 499 2804 cx
515 2733 604 2805 tellis
614 2727 853 2831 fignificabaut:
871 2759 930 2832 per
946 2759 1030 2833 quos
1045 2758 1080 2805 re
1095 2740 1209 2831 cogni·

272 2859 327 2924 τι,
358 2831 474 2911 Caesar
501 2830 597 2909 scalas
623 2841 728 2936 parari
759 2835 945 2938 militesque
967 2843 1087 2910 armari
1108 2837 1229 2922 iubet,-

271 2967 317 3017 ne
337 2967 435 3039 quam
457 2943 503 3012 rei
524 2936 684 3038 gerendae
701 2933 887 3014 facultatem
908 2935 1060 3030 dimittat.
1110 2943 1208 3014 l’nm·

270 3050 365 3146 peius
379 3039 437 3116 sub
451 3045 696 3133 noclem'naues
711 3039 816 3116 soluit.
869 3047 933 3142 Qi
949 3063 1039 3116 erant
1058 3049 1094 3118 in
1107 3069 1226 3118 muro·

271 3145 439 3223 custodiae
455 3141 556 3220 mulla
576 3147 747 3241 collocati,
767 3173 808 3220 eo
831 3141 945 3246 ligno,
973 3143 1064 3246 quod
1087 3174 1209 3222 conue-

271 3270 380 3336 nerat,
398 3270 609 3336 reuocentur,
630 3253 780 3348 notisque
794 3251 961 3324 itineribus
983 3247 1022 3322 ad
1038 3277 1136 3322 nattes
1150 3249 1206 3324 de-

271 3374 414 3428 currunt
465 3353 600 3438 Milites,
616 3349 841 3450 pofitisscalis,
863 3378 976 3428 muros
989 3349 1229 3444 adscendunt3·

48 3539 52 3547 ,
180 3459 184 3463 ’
270 3450 329 3534 led
343 3461 499 3530 monitis
514 3453 732 3544 Brundilinis,
757 3459 794 3534 vt
804 3455 929 3534 vallum
943 3483 1079 3534 caccum
1095 3452 1206 3531 follae·

182 4035 187 4044 ·
270 4005 365 4066 riculo
378 4002 524 4064 discedere
537 4003 657 4078 pallente.
752 4003 860 4081 stipites
889 4001 977 4066 deliri
1005 4023 1097 4067 eraut.
1143 4005 1203 4065 iitl.
1254 4005 1259 4014 ’
1352 4023 1356 4042 ·

1140 3585 1208 3664 que

313 3737 493 3826 inaedificat.
534 3747 593 3806 vid.
615 3747 677 3810 ind.
795 3693 917 3809 celerem.
960 3747 1019 3808 vid.
1044 3749 1105 3809 iud.
1146 3751 1207 3808 Sed

314 3821 523 3910 expediemus,
566 3853 659 3910 equo
678 3835 721 3893 fa·
754 3827 864 3893 vallum
890 3849 960 3906 putu
992 3836 1107 3894 abufiue
1131 3835 1204 3894 dicit
1355 3861 1357 3868 ·

271 3918 345 3986 elle,
366 3915 425 3976 stne
444 3915 608 3976 difficultate
626 3939 656 3978 et
671 3941 720 3998 pa-
753 3921 793 3976 est
817 3921 896 3976 enim
914 3917 1000 3988 folla,
1021 3941 1099 3996 pnne
1117 3940 1211 4001 quem,

1111 4111 1137 4150 c.
1153 4111 1202 4166 ²7·
